<record><leader>00000cas a22000007a 4500</leader><controlfield tag="001">36145682</controlfield><controlfield tag="008">961231d18891943tnuwr ne      0    0eng d</controlfield><datafield ind1=" " ind2=" " tag="010"><subfield code="a">sn 96091160 </subfield></datafield><datafield ind1=" " ind2=" " tag="040"><subfield code="a">TGN</subfield><subfield code="b">eng</subfield><subfield code="c">TGN</subfield><subfield code="d">OCLCQ</subfield><subfield code="d">OCLCF</subfield><subfield code="d">OCLCO</subfield></datafield><datafield ind1="1" ind2=" " tag="029"><subfield code="a">AU@</subfield><subfield code="b">000013023283</subfield></datafield><datafield ind1=" " ind2=" " tag="042"><subfield code="a">msc</subfield></datafield><datafield ind1=" " ind2=" " tag="043"><subfield code="a">n-us-tn</subfield></datafield><datafield ind1="0" ind2=" " tag="130"><subfield code="a">Lebanon democrat (Lebanon, Tenn. : 1889)</subfield></datafield><datafield ind1="1" ind2="4" tag="245"><subfield code="a">The Lebanon democrat.</subfield></datafield><datafield ind1=" " ind2=" " tag="260"><subfield code="a">Lebanon, Tenn. :</subfield><subfield code="b">E.E. Adams,</subfield><subfield code="c">1889-1943.</subfield></datafield><datafield ind1=" " ind2=" " tag="300"><subfield code="a">v.</subfield></datafield><datafield ind1=" " ind2=" " tag="310"><subfield code="a">Weekly</subfield></datafield><datafield ind1="0" ind2=" " tag="362"><subfield code="a">Vol. 1, no. 1 (Feb. 14, 1889)-v. 55, no. 9 (Mar. 4, 1943).</subfield></datafield><datafield ind1=" " ind2=" " tag="500"><subfield code="a">Publishers: E.E. Adams, 1889-1908; E.H. Depoy, 1909-1910; A.J. Casey, &lt;1911&gt;; E.E. Adams 1912-1914; Adams &amp; Fitzpatrick, &lt;1914&gt;; Democrat Pub. Co., 1916-1918; Democrat Print. Co., 1919-1921; Democrat Pub. Co., 1922-&lt;1928&gt;</subfield></datafield><datafield ind1=" " ind2=" " tag="580"><subfield code="a">Merged with: Wilson County news (Lebanon, Tenn. : 1941), to form: Lebanon democrat and Wilson County news.</subfield></datafield><datafield ind1=" " ind2="0" tag="651"><subfield code="a">Lebanon (Tenn.)</subfield><subfield code="v">Newspapers.</subfield></datafield><datafield ind1=" " ind2="0" tag="651"><subfield code="a">Wilson County (Tenn.)</subfield><subfield code="v">Newspapers.</subfield></datafield><datafield ind1=" " ind2="7" tag="655"><subfield code="a">Newspapers.</subfield><subfield code="2">fast</subfield><subfield code="0">(OCoLC)fst01423814</subfield></datafield><datafield ind1=" " ind2="7" tag="651"><subfield code="a">Tennessee</subfield><subfield code="z">Lebanon.</subfield><subfield code="2">fast</subfield><subfield code="0">(OCoLC)fst01235851</subfield></datafield><datafield ind1=" " ind2="7" tag="651"><subfield code="a">Tennessee</subfield><subfield code="z">Wilson County.</subfield><subfield code="2">fast</subfield><subfield code="0">(OCoLC)fst01214430</subfield></datafield><datafield ind1=" " ind2=" " tag="752"><subfield code="a">United States</subfield><subfield code="b">Tennessee</subfield><subfield code="c">Wilson</subfield><subfield code="d">Lebanon.</subfield></datafield><datafield ind1="0" ind2="0" tag="780"><subfield code="t">Lebanon herald (Lebanon, Tenn.)</subfield><subfield code="w">(DLC)sn 85033486</subfield></datafield><datafield ind1="1" ind2="7" tag="785"><subfield code="t">Wilson County news (Lebanon, Tenn. : 1941)</subfield><subfield code="w">(DLC)sn 96091156</subfield></datafield><datafield ind1="1" ind2="7" tag="785"><subfield code="t">Lebanon democrat and Wilson County news</subfield><subfield code="w">(DLC)sn 89058286</subfield></datafield></record>